%%%%%%%%% CONVEX RECOLORING %%%%%%%%%%%%%%%
@incollection{moran2005convex,
  title={Convex recolorings of strings and trees: Definitions, hardness results and algorithms},
  author={Moran, Shlomo and Snir, Sagi},
  booktitle={Algorithms and data structures},
  pages={218--232},
  year={2005},
  publisher={Springer}
}
@article{MoranSnir08,
  author    = {Shlomo Moran and Sagi Snir},
  title     = {Convex recolorings of strings and trees: Definitions, hardness results
               and algorithms},
  journal   = {J. Comput. Syst. Sci.},
  volume    = {74},
  number    = {5},
  pages     = {850--869},
  year      = {2008},
}

@incollection{bar2006improved,
  title={Improved approximation algorithm for convex recoloring of trees},
  author={Bar-Yehuda, Reuven and Feldman, Ido and Rawitz, Dror},
  booktitle={Approximation and online algorithms},
  pages={55--68},
  year={2006},
  publisher={Springer}
}
@article{BFR08,
  author    = {Reuven Bar{-}Yehuda and Ido Feldman and Dror Rawitz},
  title     = {Improved Approximation Algorithm for Convex Recoloring of Trees},
  journal   = {Theory Comput. Syst.},
  volume    = {43},
  number    = {1},
  pages     = {3--18},
  year      = {2008},
}

@article{bachoore2006convex,
  title={Convex recoloring of leaf-colored trees},
  author={Bachoore, Emgad H and Bodlaender, Hans L},
  journal={UU-CS},
  volume={2006},
  year={2006},
  publisher={Utrecht University}
}

@article{moran2007efficient,
  title={Efficient approximation of convex recolorings},
  author={Moran, Shlomo and Snir, Sagi},
  journal={Journal of Computer and System Sciences},
  volume={73},
  number={7},
  pages={1078--1089},
  year={2007},
  publisher={Elsevier}
}

@incollection{kanj2009convex,
  title={Convex recoloring revisited: Complexity and exact algorithms},
  author={Kanj, Iyad A and Kratsch, Dieter},
  booktitle={Computing and Combinatorics},
  pages={388--397},
  year={2009},
  publisher={Springer}
}

@article{kammer2012complexity,
  author={Frank Kammer and Torsten Tholey},
  title={The complexity of minimum convex coloring},
  journal={Discrete Applied Mathematics},
  volume={160},
  number={6},
  pages={810--833},
  year={2012},
}

@incollection{campelo2013complexity,
  title={On the complexity of solving or approximating convex recoloring problems},
  author={Camp{\^e}lo, Manoel B and Huiban, Cristiana G and Sampaio, Rudini M and Wakabayashi, Yoshiko},
  booktitle={Computing and Combinatorics},
  pages={614--625},
  year={2013},
  publisher={Springer}
}

@article{lima2014convex,
  title={Convex recoloring of paths},
  author={Lima, Karla Roberta and Wakabayashi, Yoshiko},
  journal={Discrete Applied Mathematics},
  volume={164},
  pages={450--459},
  year={2014},
  publisher={Elsevier}
}

@article{BFLRRW11,
  author    = {Hans L. Bodlaender and Michael R. Fellows and
               Michael A. Langston and Mark A. Ragan and
               Frances A. Rosamond and Mark Weyer},
  title     = {Quadratic Kernelization for Convex Recoloring of Trees},
  journal   = {Algorithmica},
  volume    = {61},
  number    = {2},
  pages     = {362--388},
  year      = {2011},
}

@article{Razgon07,
  author    = {Igor Razgon},
  title     = {A $2^{O(k)}\text{poly}(n)$ algorithm for the parameterized Convex
               Recoloring problem},
  journal   = {Inf. Process. Lett.},
  volume    = {104},
  number    = {2},
  pages     = {53--58},
  year      = {2007},
}

@incollection{ponta2008speeding,
  title={Speeding up dynamic programming for some NP-hard graph recoloring problems},
  author={Ponta, Oriana and H{\"u}ffner, Falk and Niedermeier, Rolf},
  booktitle={Theory and Applications of Models of Computation},
  pages={490--501},
  year={2008},
  publisher={Springer}
}
